%% This BibTeX bibliography file was created using BibDesk.
%% http://bibdesk.sourceforge.net/


%% Created for 邱球球 at 2016-05-16 14:42:22 -0400 


%% Saved with string encoding Unicode (UTF-8) 



@conference{vis,
	Author = {Eduard Glatz  and Stelios Mavromatidis  and Bernhard Ager  and Xenofontas Dimitropoulos},
	Booktitle = {First IMC Workshop on Internet Visualization},
	Date-Added = {2016-05-16 18:40:37 +0000},
	Date-Modified = {2016-05-16 18:42:07 +0000},
	Journal = {First IMC Workshop on Internet Visualization (WIV 2012)},
	Title = {Visualizing Big Network Trac Data using Frequent Pattern Mining and Hypergraphs},
	Year = {2012}}
